<?xml version="1.0" encoding="UTF-8"?><collection xmlns="http://www.loc.gov/MARC21/slim"><record><leader>00476nam--2200193-u-4500</leader><controlfield tag="001">000055960</controlfield><controlfield tag="002">20161230</controlfield><controlfield tag="005">20161230201052</controlfield><controlfield tag="008">130827s1000------------r-----000-0-fre-d</controlfield><datafield ind1=" " ind2=" " tag="040"><subfield code="a">IFIN-HH</subfield></datafield><datafield ind1=" " ind2=" " tag="041"><subfield code="a">fre</subfield></datafield><datafield ind1=" " ind2=" " tag="080"><subfield code="a">52</subfield></datafield><datafield ind1="1" ind2=" " tag="100"><subfield code="a">Pecker, J.C</subfield></datafield><datafield ind1="1" ind2="0" tag="245"><subfield code="a">Astrophysique generale</subfield><subfield code="c">J.c. pecker, e. schatzman</subfield></datafield><datafield ind1=" " ind2=" " tag="260"><subfield code="a">Paris</subfield><subfield code="b">Masson Et Cie, Editeurs</subfield><subfield code="c">1959</subfield></datafield><datafield ind1=" " ind2=" " tag="300"><subfield code="a">X+756P</subfield></datafield><datafield ind1="1" ind2=" " tag="700"><subfield code="a">Schatzman, E</subfield></datafield><datafield ind1=" " ind2=" " tag="852"><subfield code="a">11491</subfield><subfield code="c">523</subfield></datafield><datafield ind1=" " ind2=" " tag="CAT"><subfield code="a">Sys</subfield><subfield code="c">20130827</subfield><subfield code="h">175719</subfield></datafield></record></collection>